@article{Bechmann2011,
	.doi = {10.1007/s10546-011-9637-x},
	.url = {https://doi.org/10.1007/s10546-011-9637-x},
	year  = {2011},
	month = {aug},
	publisher = {Springer Nature},
	volume = {141},
	number = {2},
	pages = {245--271},
	author = {A. Bechmann and N. N. S{\o}rensen and J. Berg and J. Mann and P.-E. R{\'{e}}thor{\'{e}}},
	title = {The Bolund Experiment,  Part {II}: Blind Comparison of Microscale Flow Models},
	journal = {Boundary-Layer Meteorology}
}

@book{Bechmann2009,
	title = "The Bolund Experiment: Overview and Background",
	abstract = "The Bolund experiment is a measuring campaign performed in 2007 and 2008. The aim of the experiment is to measure the flow field around the Bolund hill in order to provide a dataset for validating numerical flow models. The present report gives an overview of the whole experiment including a description of the orography, the instrumentation used and of the data processing. The Actual measurements are available from a database also described.",
	keywords = "Wind energy, Aeroelastic Design, Risø-R-1658, Risø-R-1658(EN), Aeroelastisk design, Vindenergi",
	author = "Andreas Bechmann and Jacob Berg and Michael Courtney and {Ejsing Jørgensen}, Hans and Jakob Mann and Sørensen, {Niels N.}",
	note = "Risø-R-1658(EN)",
	year = "2009",
	.isbn = "978-87-550-3703-8",
	publisher = "Danmarks Tekniske Universitet, Risø Nationallaboratoriet for Bæredygtig Energi",
}

@article{Yamaguchi2012,
	title={Large-eddy simulation of cloudy boundary layer with the Advanced Research {WRF} model},
	author={Yamaguchi, Takanobu and Feingold, Graham},
	journal={Journal of Advances in Modeling Earth Systems},
	volume={4},
	number={3},
	year={2012},
	publisher={Wiley Online Library}
}

@article{floors2013wind,
	title={The wind profile in the coastal boundary layer: Wind lidar measurements and numerical modelling},
	author={Floors, Rogier and Vincent, Claire Louise and Gryning, S-E and Pe{\~n}a, Alfredo and Batchvarova, Ekaterina},
	journal={Boundary-layer meteorology},
	volume={147},
	number={3},
	pages={469--491},
	year={2013},
	publisher={Springer}
}

@book{stull1988introduction,
	title={An Introduction to Boundary Layer Meteorology},
	author={Stull, R.B.},
	.isbn={9789027727695},
	.lccn={88015564},
	.series={Atmospheric and Oceanographic Sciences Library},
	.url={https://books.google.cl/books?id=eRRz9RNvNOkC},
	year={1988},
	publisher={Springer Netherlands}
}

@misc{stocker2013climate,
	title={Climate change 2013: The physical science basis},
	author={Stocker, Thomas F and Qin, Dahe and Plattner, Gian-Kasper and Tignor, Melinda and Allen, Simon K and Boschung, Judith and Nauels, Alexander and Xia, Yu and Bex, Vincent and Midgley, Pauline M and others},
	year={2013},
	publisher={Cambridge University Press Cambridge}
}

@article{Pea2013,
	year  = {2013},
	month = {oct},
	publisher = {Springer Nature},
	volume = {150},
	number = {1},
	pages = {69--89},
	author = {Alfredo Pe{\~{n}}a and Rogier Floors and Sven-Erik Gryning},
	title = {The {H}{\o}vs{\o}re Tall Wind-Profile Experiment: A Description of Wind Profile Observations in the Atmospheric Boundary Layer},
	journal = {Boundary-Layer Meteorology}
}

@article{Pineda2004,
	year  = {2004},
	month = {jan},
	publisher = {Informa {UK} Limited},
	volume = {25},
	number = {1},
	pages = {129--143},
	author = {N. Pineda and O. Jorba and J. Jorge and J. M. Baldasano},
	title = {Using {NOAA} {AVHRR} and {SPOT} {VGT} data to estimate surface parameters: application to a mesoscale meteorological model},
	journal = {International Journal of Remote Sensing}
}

@TechReport{Arnold2010,
	author = {D. Arnold and I. Schicker and P. Seibert},
	title = {High-Resolution Atmospheric Modelling in Complex Terrain for Future Climate Simulations ({HiRmod})},
	institution = {Institute of Meteorology (BOKU-Met), University of Natural Resources and Life Sciences},
	year = {2010},
}

@article{Green2015,
	.doi = {10.1002/2014ms000399},
	.url = {https://doi.org/10.1002/2014ms000399},
	year  = {2015},
	month = {feb},
	publisher = {American Geophysical Union ({AGU})},
	volume = {7},
	number = {1},
	pages = {142--161},
	author = {Benjamin W. Green and Fuqing Zhang},
	title = {Numerical simulations of {H}urricane {K}atrina (2005) in the turbulent gray zone},
	journal = {Journal of Advances in Modeling Earth Systems}
}

@article{Wyngaard2004,
	author = {Wyngaard, John C.},
	title = {Toward Numerical Modeling in the “{Terra Incognita}”},
	journal = {Journal of the Atmospheric Sciences},
	volume = {61},
	number = {14},
	pages = {1816-1826},
	year = {2004},
}

@techreport{https://doi.org/10.5065/d68s4mvh,
	.doi = {10.5065/d68s4mvh},
	author = {Skamarock,  William and Klemp,  Joseph and Dudhia,  Jimy and Gill,  David and Barker,  Dale and Wang,  Wei and Huang,  Xiang-Yu and Duda,  Michael},
	keywords = {Weather Research and Forecasting,  Mesoscale forecast model,  Data assimilation system},
	language = {en},
	title = {A Description of the Advanced Research {WRF} Version 3},
	publisher = {UCAR/NCAR},
	institution={Note NCAR/TN-4751STR},
	year = {2008}
}

@article{Talbot2012,
	.doi = {10.1175/jhm-d-11-048.1},
	.url = {https://doi.org/10.1175/jhm-d-11-048.1},
	year  = {2012},
	month = {oct},
	publisher = {American Meteorological Society},
	volume = {13},
	number = {5},
	pages = {1421--1441},
	author = {Charles Talbot and Elie Bou-Zeid and Jim Smith},
	title = {Nested Mesoscale Large-Eddy Simulations with {WRF}: Performance in Real Test Cases},
	journal = {Journal of Hydrometeorology}
}

@article{doi:10.1080/14685248.2019.1584664,
	author = {Charles Meneveau},
	title = {Big wind power: seven questions for turbulence research},
	journal = {Journal of Turbulence},
	volume = {20},
	number = {1},
	pages = {2-20},
	year  = {2019},
	publisher = {Taylor & Francis},
}

@article{vortex2017,
	title={{WRF-LES} in 250+ real sites: Learnings and Challenges},
	author={Montornes, Alex and Casso, Pau and Lizcano, Gil and Kosovic, Branko},
	journal={18th Annual WRF User's Workshop},
	year={2017},
}

@article{smagorinsky1963general,
	title={General circulation experiments with the primitive equations: I. The basic experiment},
	author={Smagorinsky, Joseph},
	journal={Monthly weather review},
	volume={91},
	number={3},
	pages={99--164},
	year={1963}
}

@article{deardorff1980stratocumulus,
	title={Stratocumulus-capped mixed layers derived from a three-dimensional model},
	author={Deardorff, James W},
	journal={Boundary-Layer Meteorology},
	volume={18},
	number={4},
	pages={495--527},
	year={1980},
	publisher={Springer}
}

@article{Pea2015,
	.doi = {10.1007/s10546-015-0079-8},
	.url = {https://doi.org/10.1007/s10546-015-0079-8},
	year  = {2015},
	month = {sep},
	publisher = {Springer Nature},
	volume = {158},
	number = {1},
	pages = {1--26},
	author = {Alfredo Pe{\~{n}}a and Rogier Floors and Ameya Sathe and Sven-Erik Gryning and Rozenn Wagner and Michael S. Courtney and Xiaoli. G. Lars{\'{e}}n and Andrea N. Hahmann and Charlotte B. Hasager},
	title = {Ten Years of Boundary-Layer and Wind-Power Meteorology at {H}{\o}vs{\o}re,  {D}enmark},
	journal = {Boundary-Layer Meteorology}}

@article{smith2006wind,
	title={Wind lidar evaluation at the Danish wind test site in {H}{\o}vs{\o}re},
	author={Smith, David A and Harris, Michael and Coffey, Adrian S and Mikkelsen, Torben and J{\o}rgensen, Hans E and Mann, Jakob and Danielian, R{\'e}gis},
	journal={Wind Energy: An International Journal for Progress and Applications in Wind Power Conversion Technology},
	volume={9},
	number={1-2},
	pages={87--93},
	year={2006},
	publisher={Wiley Online Library}
}
	
	