@article{floors2013wind,
	title={The wind profile in the coastal boundary layer: Wind lidar measurements and numerical modelling},
	author={Floors, Rogier and Vincent, Claire Louise and Gryning, S-E and Pe{\~n}a, Alfredo and Batchvarova, Ekaterina},
	journal={Boundary-layer meteorology},
	volume={147},
	number={3},
	pages={469--491},
	year={2013},
	publisher={Springer}
}

@article{pedersen2013effect,
	title={The effect of unsteady and baroclinic forcing on predicted wind profiles in Large Eddy Simulations: Two case studies of the daytime atmospheric boundary layer},
	author={Pedersen, Jesper Gr{\o}nnegaard and Kelly, Mark and Gryning, Sven-Erik and Br{\"u}mmer, Burghard},
	journal={Meteorologische Zeitschrift},
	volume={22},
	number={6},
	pages={661--674},
	year={2013},
	publisher={E. Schweizerbart'sche Verlagsbuchhandlung}
}

@book{anuariocne2018,
	title={Anuario Estadístico de Energía 2018},
	author={{Comisión Nacional de Energía de Chile}},
	.isbn={9780521598866},
	.lccn={99044583},
	.url={https://books.google.cl/books?id=HZsTw9SMx-0C},
	year={2018},
	.publisher={Cambridge University Press}
}

@book{burden2010numerical,
	title={Numerical Analysis},
	author={Burden, R.L. and Faires, J.D.},
	.isbn={9780538733519},
	.lccn={2010922639},
	.url={https://books.google.cl/books?id=zXnSxY9G2JgC},
	year={2010},
	publisher={Cengage Learning}
}


@article{businger1971flux,
	title={Flux-profile relationships in the atmospheric surface layer},
	author={Businger, Joost A and Wyngaard, John C and Izumi, Yꎬ and Bradley, Edward F},
	journal={Journal of the atmospheric Sciences},
	volume={28},
	number={2},
	pages={181--189},
	year={1971}
}

@book{stull1988introduction,
	title={An Introduction to Boundary Layer Meteorology},
	author={Stull, R.B.},
	.isbn={9789027727695},
	.lccn={88015564},
	.series={Atmospheric and Oceanographic Sciences Library},
	.url={https://books.google.cl/books?id=eRRz9RNvNOkC},
	year={1988},
	publisher={Springer Netherlands}
}

@book{pope2000turbulent,
	title={Turbulent Flows},
	author={Pope, S.B.},
	.isbn={9780521598866},
	.lccn={99044583},
	.url={https://books.google.cl/books?id=HZsTw9SMx-0C},
	year={2000},
	publisher={Cambridge University Press}
}

@book{holton1992introduction,
	title={An Introduction to Dynamic Meteorology},
	author={Holton, J.R.},
	.isbn={9780123543554},
	.lccn={91040568},
	.series={International geophysics series},
	.url={https://books.google.cl/books?id=hLQRAQAAIAAJ},
	year={1992},
	publisher={Academic Press}
}

@book{warner2010numerical,
	title={Numerical Weather and Climate Prediction},
	author={Warner, T.T.},
	.isbn={9781139494311},
	.url={https://books.google.cl/books?id=6RQ3dnjE8lgC},
	year={2010},
	publisher={Cambridge University Press}
}

@book{davidson2013turbulence,
	title={Turbulence in Rotating, Stratified and Electrically Conducting Fluids},
	author={Davidson, P.A.},
	.isbn={9781107026865},
	.lccn={2013370337},
	.url={https://books.google.cl/books?id=zaJtAAAAQBAJ},
	year={2013},
	publisher={Cambridge University Press}
}

@book{kundu2001fluid,
	title={Fluid Mechanics},
	author={Kundu, P.K. and Cohen, I.M. and Hu, H.},
	.isbn={9780080545585},
	.url={https://books.google.cl/books?id=AFVnbQqCJSQC},
	year={2001},
	publisher={Elsevier Science}
}

@article{doi:10.1063/1.3319073,
	author = {Brasseur,James G.  and Wei,Tie},
	title = {Designing large-eddy simulation of the turbulent boundary layer to capture law-of-the-wall scaling},
	journal = {Physics of Fluids},
	volume = {22},
	number = {2},
	pages = {021303},
	year = {2010},
	.doi = {10.1063/1.3319073},	
	.URL = { 
	https://doi.org/10.1063/1.3319073	
	},
	.eprint = { 
	https://doi.org/10.1063/1.3319073
	}
}

@article{porte-agel_meneveau_parlange_2000, title={A scale-dependent dynamic model for large-eddy simulation: application to a neutral atmospheric boundary layer}, volume={415}, .DOI={10.1017/S0022112000008776}, journal={Journal of Fluid Mechanics}, publisher={Cambridge University Press}, author={Porte-Agél, Fernando and Meneveau, Charles and Parlange, Marc B.}, year={2000}, pages={261–284}}

@TechReport{subgrid_report,
	author = {Enriquez, Rica Mae and Street, Robert L.},
	title = {An Algebraic Subgrid-Scale Model
	for Large-Eddy Simulations of the
	Atmospheric Boundary Layer},
	institution = {Bob and Norma Street Environmental Fluid Mechanics Laboratory, Stanford University},
	year = {2017},
	OPTkey = {key},
	OPTtype = {type},
	OPTnumber = {number},
	OPTaddress = {address},
	OPTmonth = {month},
	OPTnote = {note},
	OPTannote = {annote},
}

@article{Pedersen2013,
	.doi = {10.1127/0941-2948/2013/0477},
	.url = {https://doi.org/10.1127/0941-2948/2013/0477},
	year  = {2013},
	month = {dec},
	publisher = {Schweizerbart},
	volume = {22},
	number = {6},
	pages = {661--674},
	author = {Gr{\o}nnegaard Pedersen, Jesper and Kelly, Mark and Gryning, Sven-Erik  and Br\"{u}mmer, Burghard},
	title = {The effect of unsteady and baroclinic forcing on predicted wind profiles in Large Eddy Simulations: Two case studies of the daytime atmospheric boundary layer},
	journal = {Meteorologische Zeitschrift}
}

@article{CARATI2001,
	.doi = {10.1017/s0022112001004773},
	.url = {https://doi.org/10.1017/s0022112001004773},
	year  = {2001},
	month = {aug},
	publisher = {Cambridge University Press ({CUP})},
	volume = {441},
	author = {Carati, Daniele  and Winckelmans, Gr{\'{e}}goire S. and  Jeanmart, Herv{\'{e}}},
	title = {On the modelling of the subgrid-scale and filtered-scale stress tensors in large-eddy simulation},
	journal = {Journal of Fluid Mechanics}
}

@inproceedings{MirochaNewLE,
	title={New Large Eddy Simulation Subfilter Turbulence Models Implemented Into the Advanced Research {WRF} Version 3.0},
	author={J. D. Mirocha and Julie K. Lundquist and Fotini Katopodes Chow and B. Kosovic}
}

@article{Stevens2014,
	.doi = {10.1017/jfm.2014.510},
	.url = {https://doi.org/10.1017/jfm.2014.510},
	year  = {2014},
	month = {sep},
	publisher = {Cambridge University Press ({CUP})},
	volume = {757},
	pages = {888--907},
	author = {Richard~J.~A.~M. Stevens and Michael Wilczek and Charles Meneveau},
	title = {Large-eddy simulation study of the logarithmic law for second- and higher-order moments in turbulent wall-bounded flow},
	journal = {Journal of Fluid Mechanics}
}

@article{Kosovi2000,
	.doi = {10.1175/1520-0469(2000)057<1052:alesso>2.0.co;2},
	.url = {https://doi.org/10.1175/1520-0469(2000)057<1052:alesso>2.0.co;2},
	year  = {2000},
	month = {apr},
	publisher = {American Meteorological Society},
	volume = {57},
	number = {8},
	pages = {1052--1068},
	author = {Branko Kosovi{\'{c}} and Judith A. Curry},
	title = {A Large Eddy Simulation Study of a Quasi-Steady,  Stably Stratified Atmospheric Boundary Layer},
	journal = {Journal of the Atmospheric Sciences}
}

@article{Mirocha2010,
	.doi = {10.1175/2010mwr3286.1},
	.url = {https://doi.org/10.1175/2010mwr3286.1},
	year  = {2010},
	month = {nov},
	publisher = {American Meteorological Society},
	volume = {138},
	number = {11},
	pages = {4212--4228},
	author = {J. D. Mirocha and J. K. Lundquist and B. Kosovi{\'{c}}},
	title = {Implementation of a Nonlinear Subfilter Turbulence Stress Model for Large-Eddy Simulation in the Advanced Research {WRF} Model},
	journal = {Monthly Weather Review}
}

@article{Barker2012,
	.doi = {10.1175/bams-d-11-00167.1},
	.url = {https://doi.org/10.1175/bams-d-11-00167.1},
	year  = {2012},
	month = {jun},
	publisher = {American Meteorological Society},
	volume = {93},
	number = {6},
	pages = {831--843},
	author = {Dale Barker and Xiang-Yu Huang and Zhiquan Liu and Tom Aulign{\'{e}} and Xin Zhang and Steven Rugg and Raji Ajjaji and Al Bourgeois and John Bray and Yongsheng Chen and Meral Demirtas and Yong-Run Guo and Tom Henderson and Wei Huang and Hui-Chuan Lin and John Michalakes and Syed Rizvi and Xiaoyan Zhang},
	title = {The Weather Research and Forecasting Model's Community Variational/Ensemble Data Assimilation System: {WRFDA}},
	journal = {Bulletin of the American Meteorological Society}
}

@Article{wes-2017-61,
	AUTHOR = {Doubrawa, P. and Montorn\`es, A. and Barthelmie, R. J. and Pryor, S. C. and Casso, P.},
	TITLE = {Analysis of Different Gray Zone Treatments in {WRF-LES} Real Case Simulations},
	JOURNAL = {Wind Energy Science Discussions},
	VOLUME = {2018},
	YEAR = {2018},
	PAGES = {1--23},
	.URL = {https://www.wind-energ-sci-discuss.net/wes-2017-61/},
	.DOI = {10.5194/wes-2017-61}
}

@misc{https://doi.org/10.13140/rg.2.1.2270.1041,
	.doi = {10.13140/rg.2.1.2270.1041},
	author = {Torrecillas,  Alex Montornès and Casso,  Pau and Lizcano,  Gil and Kosovic,  Branko},
	title = {{WRF-LES} in the real world: Towards a seamless modeling chain for wind industry applications},
	publisher = {Unpublished},
	year = {2016}
}

@article{Pea2015,
	.doi = {10.1007/s10546-015-0079-8},
	.url = {https://doi.org/10.1007/s10546-015-0079-8},
	year  = {2015},
	month = {sep},
	publisher = {Springer Nature},
	volume = {158},
	number = {1},
	pages = {1--26},
	author = {Alfredo Pe{\~{n}}a and Rogier Floors and Ameya Sathe and Sven-Erik Gryning and Rozenn Wagner and Michael S. Courtney and Xiaoli. G. Lars{\'{e}}n and Andrea N. Hahmann and Charlotte B. Hasager},
	title = {Ten Years of Boundary-Layer and Wind-Power Meteorology at {H}{\o}vs{\o}re,  Denmark},
	journal = {Boundary-Layer Meteorology}
}

@phdthesis{phdthesis,
	author = {Chaudhari, Ashvinkumar},
	year = {2014},
	month = {12},
	pages = {},
	title = {Large-eddy simulation of wind flows over complex terrains for wind energy applications},
	.isbn = {978-952-265-675-9 (PDF)}
}

@article{Pea2013,
	.doi = {10.1007/s10546-013-9856-4},
	.url = {https://doi.org/10.1007/s10546-013-9856-4},
	year  = {2013},
	month = {oct},
	publisher = {Springer Nature},
	volume = {150},
	number = {1},
	pages = {69--89},
	author = {Alfredo Pe{\~{n}}a and Rogier Floors and Sven-Erik Gryning},
	title = {The {H}{\o}vs{\o}re Tall Wind-Profile Experiment: A Description of Wind Profile Observations in the Atmospheric Boundary Layer},
	journal = {Boundary-Layer Meteorology}
}

@article{Pineda2004,
	.doi = {10.1080/0143116031000115201},
	.url = {https://doi.org/10.1080/0143116031000115201},
	year  = {2004},
	month = {jan},
	publisher = {Informa {UK} Limited},
	volume = {25},
	number = {1},
	pages = {129--143},
	author = {N. Pineda and O. Jorba and J. Jorge and J. M. Baldasano},
	title = {Using {NOAA} {AVHRR} and {SPOT} {VGT} data to estimate surface parameters: application to a mesoscale meteorological model},
	journal = {International Journal of Remote Sensing}
}

@article{JimnezEsteve2018,
	.doi = {10.1016/j.atmosres.2017.11.012},
	.url = {https://doi.org/10.1016/j.atmosres.2017.11.012},
	year  = {2018},
	month = {apr},
	publisher = {Elsevier {BV}},
	volume = {202},
	pages = {49--62},
	author = {B. Jim{\'{e}}nez-Esteve and M. Udina and M.R. Soler and N. Pepin and J.R. Mir{\'{o}}},
	title = {Land use and topography influence in a complex terrain area: A high resolution mesoscale modelling study over the Eastern Pyrenees using the {WRF} model},
	journal = {Atmospheric Research}
}

@article{DeMeij2014,
	.doi = {10.1016/j.atmosres.2014.03.004},
	.url = {https://doi.org/10.1016/j.atmosres.2014.03.004},
	year  = {2014},
	month = {jun},
	publisher = {Elsevier {BV}},
	volume = {143},
	pages = {351--370},
	author = {A. De Meij and J.F. Vinuesa},
	title = {Impact of {SRTM} and Corine Land Cover data on meteorological parameters using {WRF}},
	journal = {Atmospheric Research}
}

@article{Arasa2016,
	.doi = {10.4236/acs.2016.62028},
	.url = {https://doi.org/10.4236/acs.2016.62028},
	year  = {2016},
	publisher = {Scientific Research Publishing,  Inc, },
	volume = {06},
	number = {02},
	pages = {329--350},
	author = {Ra{\'{u}}l Arasa and Ignasi Porras and Anna Domingo-Dalmau and Miquel Picanyol and Bernat Codina and M{\textordfeminine} {\'{A}}ngeles Gonz{\'{a}}lez and J{\'{e}}sica Pi{\~{n}}{\'{o}}n},
	title = {Defining a Standard Methodology to Obtain Optimum {WRF} Configuration for Operational Forecast: Application over the Port of {Huelva} (Southern {Spain})},
	journal = {Atmospheric and Climate Sciences}
}

@TechReport{Arnold2010,
	author = {D. Arnold and I. Schicker and P. Seibert},
	title = {High-Resolution Atmospheric Modelling in Complex Terrain for Future Climate Simulations ({HiRmod})},
	institution = {Institute of Meteorology (BOKU-Met), University of Natural Resources and Life Sciences},
	year = {2010},
}

@Article{Schicker2016,
	author="Schicker, Irene
	and Arnold Arias, D{\`e}lia
	and Seibert, Petra",
	title="Influences of updated land-use datasets on {WRF} simulations for two Austrian regions",
	journal="Meteorology and Atmospheric Physics",
	year="2016",
	month="Jun",
	day="01",
	volume="128",
	number="3",
	pages="279--301",
	.doi="10.1007/s00703-015-0416-y",
	.url="https://doi.org/10.1007/s00703-015-0416-y"
}

@book{arnold2012high,
	title={High resolution modelling in complex terrain: report on the HiRCoT 2012 Workshop, Vienna, 21-23 February 2012},
	author={Arnold, Delia and Morton, D and Schicker, I and Seibert, P and Rotach, MW and Horvath, K and Dudhia, J and Satomura, T and M{\"u}ller, M and Z{\"a}ngl, G and others},
	year={2012},
	publisher={Institut f{\"u}r Meteorologie, Department Wasser-Atmosph{\"a}re-Umwelt, Univ. f. Bodenkultur}
}

@article{Bechmann2011,
	.doi = {10.1007/s10546-011-9637-x},
	.url = {https://doi.org/10.1007/s10546-011-9637-x},
	year  = {2011},
	month = {aug},
	publisher = {Springer Nature},
	volume = {141},
	number = {2},
	pages = {245--271},
	author = {A. Bechmann and N. N. S{\o}rensen and J. Berg and J. Mann and P.-E. R{\'{e}}thor{\'{e}}},
	title = {The Bolund Experiment,  Part {II}: Blind Comparison of Microscale Flow Models},
	journal = {Boundary-Layer Meteorology}
}

@book{Bechmann2009,
	title = "The Bolund Experiment: Overview and Background",
	abstract = "The Bolund experiment is a measuring campaign performed in 2007 and 2008. The aim of the experiment is to measure the flow field around the Bolund hill in order to provide a dataset for validating numerical flow models. The present report gives an overview of the whole experiment including a description of the orography, the instrumentation used and of the data processing. The Actual measurements are available from a database also described.",
	keywords = "Wind energy, Aeroelastic Design, Risø-R-1658, Risø-R-1658(EN), Aeroelastisk design, Vindenergi",
	author = "Andreas Bechmann and Jacob Berg and Michael Courtney and {Ejsing Jørgensen}, Hans and Jakob Mann and Sørensen, {Niels N.}",
	note = "Risø-R-1658(EN)",
	year = "2009",
	.isbn = "978-87-550-3703-8",
	publisher = "Danmarks Tekniske Universitet, Risø Nationallaboratoriet for Bæredygtig Energi",
}

@article{Berg2011,
	.doi = {10.1007/s10546-011-9636-y},
	.url = {https://doi.org/10.1007/s10546-011-9636-y},
	year  = {2011},
	month = {jul},
	publisher = {Springer Nature},
	volume = {141},
	number = {2},
	pages = {219--243},
	author = {J. Berg and J. Mann and A. Bechmann and M. S. Courtney and H. E. J{\o}rgensen},
	title = {The Bolund Experiment,  Part {I}: Flow Over a Steep,  Three-Dimensional Hill},
	journal = {Boundary-Layer Meteorology}
}

@article{smagorinsky1963general,
	author = {Smagorinsky, J.},
	title = {GENERAL CIRCULATION EXPERIMENTS WITH THE PRIMITIVE EQUATIONS},
	journal = {Monthly Weather Review},
	volume = {91},
	number = {3},
	pages = {99-164},
	year = {1963},
	.doi = {10.1175/1520-0493(1963)091<0099:GCEWTP>2.3.CO;2},
	
	.URL = { 
	https://doi.org/10.1175/1520-0493(1963)091<0099:GCEWTP>2.3.CO;2
	
	},
	.eprint = { 
	https://doi.org/10.1175/1520-0493(1963)091<0099:GCEWTP>2.3.CO;2
	
	}
}

@article{Green2015,
	.doi = {10.1002/2014ms000399},
	.url = {https://doi.org/10.1002/2014ms000399},
	year  = {2015},
	month = {feb},
	publisher = {American Geophysical Union ({AGU})},
	volume = {7},
	number = {1},
	pages = {142--161},
	author = {Benjamin W. Green and Fuqing Zhang},
	title = {Numerical simulations of {Hurricane Katrina} (2005) in the turbulent gray zone},
	journal = {Journal of Advances in Modeling Earth Systems}
}

@article{Rodrigo2017,
	.doi = {10.1088/1742-6596/854/1/012037},
	.url = {https://doi.org/10.1088/1742-6596/854/1/012037},
	year  = {2017},
	month = {may},
	publisher = {{IOP} Publishing},
	volume = {854},
	pages = {012037},
	author = {J Sanz Rodrigo and D Allaerts and M Avila and J Barcons and D Cavar and RA Ch{\'{a}}vez Arroyo and M Churchfield and B Kosovic and JK Lundquist and J Meyers and D Mu{\~{n}}oz Esparza and JMLM Palma and JM Tomaszewski and N Troldborg and MP van der Laan and C Veiga Rodrigues},
	title = {Results of the {GABLS}3 diurnal-cycle benchmark for wind energy applications},
	journal = {Journal of Physics: Conference Series}
}

@article{MuozEsparza2014,
	.doi = {10.1007/s10546-014-9956-9},
	.url = {https://doi.org/10.1007/s10546-014-9956-9},
	year  = {2014},
	month = {aug},
	publisher = {Springer Nature},
	volume = {153},
	number = {3},
	pages = {409--440},
	author = {Domingo Mu{\~{n}}oz-Esparza and Branko Kosovi{\'{c}} and Jeff Mirocha and Jeroen van Beeck},
	title = {Bridging the Transition from Mesoscale to Microscale Turbulence in Numerical Weather Prediction Models},
	journal = {Boundary-Layer Meteorology}
}

@article{Yamaguchi2012,
  title={Large-eddy simulation of cloudy boundary layer with the Advanced Research {WRF} model},
  author={Yamaguchi, Takanobu and Feingold, Graham},
  journal={Journal of Advances in Modeling Earth Systems},
  volume={4},
  number={3},
  year={2012},
  publisher={Wiley Online Library}
}

@article{Moeng2007,
	.doi = {10.1175/mwr3406.1},
	.url = {https://doi.org/10.1175/mwr3406.1},
	year  = {2007},
	month = {jun},
	publisher = {American Meteorological Society},
	volume = {135},
	number = {6},
	pages = {2295--2311},
	author = {C-H. Moeng and Jimy Dudhia and Joe Klemp and Peter Sullivan},
	title = {Examining Two-Way Grid Nesting for Large Eddy Simulation of the {PBL} Using the {WRF} Model},
	journal = {Monthly Weather Review}
}

@article{Wyngaard2004,
	author = {Wyngaard, John C.},
	title = {Toward Numerical Modeling in the “{Terra Incognita}”},
	journal = {Journal of the Atmospheric Sciences},
	volume = {61},
	number = {14},
	pages = {1816-1826},
	year = {2004},
	.doi = {10.1175/1520-0469(2004)061<1816:TNMITT>2.0.CO;2},
	
	.URL = { 
	https://doi.org/10.1175/1520-0469(2004)061<1816:TNMITT>2.0.CO;2
	
	},
	.eprint = { 
	https://doi.org/10.1175/1520-0469(2004)061<1816:TNMITT>2.0.CO;2
	
	}
}

@article{Talbot2012,
	.doi = {10.1175/jhm-d-11-048.1},
	.url = {https://doi.org/10.1175/jhm-d-11-048.1},
	year  = {2012},
	month = {oct},
	publisher = {American Meteorological Society},
	volume = {13},
	number = {5},
	pages = {1421--1441},
	author = {Charles Talbot and Elie Bou-Zeid and Jim Smith},
	title = {Nested Mesoscale Large-Eddy Simulations with {WRF}: Performance in Real Test Cases},
	journal = {Journal of Hydrometeorology}
}

@article{https://doi.org/10.5065/d68s4mvh,
	.doi = {10.5065/d68s4mvh},
	author = {Skamarock,  William and Klemp,  Joseph and Dudhia,  Jimy and Gill,  David and Barker,  Dale and Wang,  Wei and Huang,  Xiang-Yu and Duda,  Michael},
	keywords = {Weather Research and Forecasting,  Mesoscale forecast model,  Data assimilation system},
	language = {en},
	title = {A Description of the Advanced Research {WRF} Version 3},
	publisher = {UCAR/NCAR},
	year = {2008}
}

@misc{https://doi.org/10.5065/d6mk6b4k,
	.doi = {10.5065/d6mk6b4k},
	author = {{WRF Community}},
	keywords = {Atmospheric model,  Weather forecasting,  Numerical weather prediction,  Data assimilation},
	title = {Weather Research and Forecasting ({WRF}) Model},
	publisher = {UCAR/NCAR},
	year = {2000}
}

@book{9780521775380,
	Author = {Jean Mathieu and Julian Scott},
	Title = {An Introduction to Turbulent Flow},
	Publisher = {Cambridge University Press},
	Year = {2000},
	.ISBN = {0521775388},
	.URL = {https://www.amazon.com/Introduction-Turbulent-Flow-Jean-Mathieu/dp/0521775388?SubscriptionId=AKIAIOBINVZYXZQZ2U3A&tag=chimbori05-20&linkCode=xm2&camp=2025&creative=165953&creativeASIN=0521775388}
}

@book{9783540263173,
	Author = {Luigi Berselli and Traian Iliescu and William J. Layton},
	Title = {Mathematics of Large Eddy Simulation of Turbulent Flows (Scientific Computation)},
	Publisher = {Springer},
	Year = {2005},
	.ISBN = {3540263173},
	.URL = {https://www.amazon.com/Mathematics-Simulation-Turbulent-Scientific-Computation-ebook/dp/B00FQ0PP3G?SubscriptionId=AKIAIOBINVZYXZQZ2U3A&tag=chimbori05-20&linkCode=xm2&camp=2025&creative=165953&creativeASIN=B00FQ0PP3G}
}

@article{Barker2004,
	.doi = {10.1175/1520-0493(2004)132<0897:atvdas>2.0.co;2},
	.url = {https://doi.org/10.1175/1520-0493(2004)132<0897:atvdas>2.0.co;2},
	year  = {2004},
	month = {apr},
	publisher = {American Meteorological Society},
	volume = {132},
	number = {4},
	pages = {897--914},
	author = {D. M. Barker and W. Huang and Y-R. Guo and A. J. Bourgeois and Q. N. Xiao},
	title = {A Three-Dimensional Variational Data Assimilation System for {MM}5: Implementation and Initial Results},
	journal = {Monthly Weather Review}
}
@article{https://doi.org/10.5065/d6cf9n1j,
	.doi = {10.5065/d6cf9n1j},
	author = {Barker,  Dale and Huang,  Wei and Guo,  Yong-Run and Bourgeois,  Al},
	keywords = {Data assimilation},
	language = {en},
	title = {A Three-dimensional Variational ({3DVAR}) Data Assimilation System for Use With {MM5}},
	publisher = {UCAR/NCAR},
	year = {2003}
}

@book{jacobson2005fundamentals,
	title={Fundamentals of Atmospheric Modeling},
	author={Jacobson, M.Z.},
	.isbn={9780521548656},
	.lccn={2004057382},
	.url={https://books.google.cl/books?id=96wWzoyKRMoC},
	year={2005},
	publisher={Cambridge University Press}
}

@article{doi:10.1002/we.414,
	author = {Bechmann, A. and Sørensen, N. N.},
	title = {Hybrid {RANS}/{LES} applied to complex terrain},
	journal = {Wind Energy},
	volume = {14},
	number = {2},
	pages = {225-237},
	keywords = {CFD, Complex Terrain, Large-Eddy Simulation, Wind Energy, Site Assessment, Wind turbine, Computational Fluid Dynamics, LES},
	.doi = {10.1002/we.414},
	.url = {https://onlinelibrary.wiley.com/doi/abs/10.1002/we.414},
	.eprint = {https://onlinelibrary.wiley.com/doi/pdf/10.1002/we.414},
	year = {2011}
}

@article{Chow2009,
	author = {Chow, Fotini Katopodes and Street, Robert L.},
	title = {Evaluation of Turbulence Closure Models for Large-Eddy Simulation over Complex Terrain: Flow over Askervein Hill},
	journal = {Journal of Applied Meteorology and Climatology},
	volume = {48},
	number = {5},
	pages = {1050-1065},
	year = {2009},
	.doi = {10.1175/2008JAMC1862.1},	
	.URL = { https://doi.org/10.1175/2008JAMC1862.1},
	.eprint = { https://doi.org/10.1175/2008JAMC1862.1}
}

@article{doi:10.1080/14685248.2019.1584664,
	author = {Charles Meneveau},
	title = {Big wind power: Seven questions for turbulence research},
	journal = {Journal of Turbulence},
	volume = {20},
	number = {1},
	pages = {2-20},
	year  = {2019},
	publisher = {Taylor & Francis},
}

@article{doi:10.1175/2007JAMC1653.1,
	author = {Liu, Yubao and Warner, Thomas T. and Bowers, James F. and Carson, Laurie P. and Chen, Fei and Clough, Charles A. and Davis, Christopher A. and Egeland, Craig H. and Halvorson, Scott F. and Huck, Terrence W. and Lachapelle, Leo and Malone, Robert E. and Rife, Daran L. and Sheu, Rong-Shyang and Swerdlin, Scott P. and Weingarten, Dean S.},
	title = {The Operational Mesogamma-Scale Analysis and Forecast System of the U.S. Army Test and Evaluation Command. Part I: Overview of the Modeling System, the Forecast Products, and How the Products Are Used},
	journal = {Journal of Applied Meteorology and Climatology},
	volume = {47},
	number = {4},
	pages = {1077-1092},
	year = {2008},
	.doi = {10.1175/2007JAMC1653.1},
	
	.URL = { 
	https://doi.org/10.1175/2007JAMC1653.1
	
	},
	.eprint = { 
	https://doi.org/10.1175/2007JAMC1653.1
	
	}
	,
}

@article{doi:10.1175/2007JAMC1654.1,
	author = {Liu, Yubao and Warner, Thomas T. and Astling, Elford G. and Bowers, James F. and Davis, Christopher A. and Halvorson, Scott F. and Rife, Daran L. and Sheu, Rong-Shyang and Swerdlin, Scott P. and Xu, Mei},
	title = {The Operational Mesogamma-Scale Analysis and Forecast System of the U.S. Army Test and Evaluation Command. Part II: Interrange Comparison of the Accuracy of Model Analyses and Forecasts},
	journal = {Journal of Applied Meteorology and Climatology},
	volume = {47},
	number = {4},
	pages = {1093-1104},
	year = {2008},
	.doi = {10.1175/2007JAMC1654.1},
	
	.URL = { 
	https://doi.org/10.1175/2007JAMC1654.1
	
	},
	.eprint = { 
	https://doi.org/10.1175/2007JAMC1654.1
	
	}
	,
}

@article{doi:10.1175/1520-0493(1991)119<0734:UOFDDA>2.0.CO;2,
	author = {Stauffer, David R. and Seaman, Nelson L. and Binkowski, Francis S.},
	title = {Use of Four-Dimensional Data Assimilation in a Limited-Area Mesoscale Model Part II: Effects of Data Assimilation within the Planetary Boundary Layer},
	journal = {Monthly Weather Review},
	volume = {119},
	number = {3},
	pages = {734-754},
	year = {1991},
	.doi = {10.1175/1520-0493(1991)119<0734:UOFDDA>2.0.CO;2},
	.URL = { 
	https://doi.org/10.1175/1520-0493(1991)119<0734:UOFDDA>2.0.CO;2	},
	.eprint = { 
	https://doi.org/10.1175/1520-0493(1991)119<0734:UOFDDA>2.0.CO;2},
}


@techreport{dumais2013implementation,
	title={Implementation of the {WRF} {F}our-{D}imensional {D}ata {A}ssimilation Method of Observation Nudging for Use as an {ARL} Weather Running Estimate-Nowcast},
	author={Dumais, Robert and Kirby, Steve and Flanigan, Robert},
	year={2013},
	institution={ARMY RESEARCH LAB WHITE SANDS MISSILE RANGE NM COMPUTATIONAL AND INFORMATION}
}

@article{cheng2017short,
	title={Short-term wind forecast of a data assimilation/weather forecasting system with wind turbine anemometer measurement assimilation},
	author={Cheng, William YY and Liu, Yubao and Bourgeois, Alfred J and Wu, Yonghui and Haupt, Sue Ellen},
	journal={Renewable energy},
	volume={107},
	pages={340--351},
	year={2017},
	publisher={Elsevier}
}

@article{tran2018four,
	title={Four dimensional data assimilation ({FDDA}) impacts on {WRF} performance in simulating inversion layer structure and distributions of {CMAQ}-simulated winter ozone concentrations in Uintah Basin},
	author={Tran, Trang and Tran, Huy and Mansfield, Marc and Lyman, Seth and Crosman, Erik},
	journal={Atmospheric environment},
	volume={177},
	pages={75--92},
	year={2018},
	publisher={Elsevier}
}

@article{hacker2018challenges,
	title={Challenges and opportunities for data assimilation in mountainous environments},
	author={Hacker, Joshua and Draper, Clara and Madaus, Luke},
	journal={Atmosphere},
	volume={9},
	number={4},
	pages={127},
	year={2018},
	publisher={Multidisciplinary Digital Publishing Institute}
}

@article{reen2010data,
	title={Data assimilation strategies in the planetary boundary layer},
	author={Reen, Brian P and Stauffer, David R},
	journal={Boundary-layer meteorology},
	volume={137},
	number={2},
	pages={237--269},
	year={2010},
	publisher={Springer}
}


@book{wilks2011statistical,
	title={Statistical methods in the atmospheric sciences},
	author={Wilks, Daniel S},
	volume={100},
	year={2011},
	publisher={Academic press}
}


@article{vortex2017,
	title={{WRF-LES} in 250+ real sites: Learnings and Challenges},
	author={Montornes, Alex and Casso, Pau and Lizcano, Gil and Kosovic, Branko},
	journal={18th Annual WRF User's Workshop},
	year={2017},
}

@misc{stocker2013climate,
	title={Climate change 2013: The physical science basis},
	author={Stocker, Thomas F and Qin, Dahe and Plattner, Gian-Kasper and Tignor, Melinda and Allen, Simon K and Boschung, Judith and Nauels, Alexander and Xia, Yu and Bex, Vincent and Midgley, Pauline M and others},
	year={2013},
	publisher={Cambridge University Press Cambridge}
}

@article{smith2006wind,
	title={Wind lidar evaluation at the Danish wind test site in {H}{\o}vs{\o}re},
	author={Smith, David A and Harris, Michael and Coffey, Adrian S and Mikkelsen, Torben and J{\o}rgensen, Hans E and Mann, Jakob and Danielian, R{\'e}gis},
	journal={Wind Energy: An International Journal for Progress and Applications in Wind Power Conversion Technology},
	volume={9},
	number={1-2},
	pages={87--93},
	year={2006},
	publisher={Wiley Online Library}
}

@article{deardorff1980stratocumulus,
	title={Stratocumulus-capped mixed layers derived from a three-dimensional model},
	author={Deardorff, James W},
	journal={Boundary-Layer Meteorology},
	volume={18},
	number={4},
	pages={495--527},
	year={1980},
	publisher={Springer}
}

@article{brown2001large,
	title={Large-eddy simulation of neutral turbulent flow over rough sinusoidal ridges},
	author={Brown, Andy R and Hobson, JM and Wood, Nigel},
	journal={Boundary-Layer Meteorology},
	volume={98},
	number={3},
	pages={411--441},
	year={2001},
	publisher={Springer}
}

@article{wan2007evaluation,
	title={Evaluation of dynamic subgrid-scale models in large-eddy simulations of neutral turbulent flow over a two-dimensional sinusoidal hill},
	author={Wan, Feng and Port{\'e}-Agel, Fernando and Stoll, Rob},
	journal={Atmospheric Environment},
	volume={41},
	number={13},
	pages={2719--2728},
	year={2007},
	publisher={Elsevier}
}

@inproceedings{morton2007tradeoffs,
	title={Tradeoffs in resolution versus computational resources in modelling a Tanana valley wind event},
	author={Morton, D and Molders, N},
	booktitle={The Great Alaska Weather Modeling Symposium},
	year={2007}
}

@inproceedings{stevens2010using,
	title={Using WRF to Simulate the Saint Lawrence Island Wind Storm of February 27, 2009},
	author={Stevens, EL and Songster, K and Morotn, D},
	booktitle={Alaska Weather Symposium},
	year={2010}
}

@article{steppeler2002nonhydrostatic,
	title={Nonhydrostatic atmospheric modeling using az-coordinate representation},
	author={Steppeler, J{\"u}rgen and Bitzer, Heinz-Werner and Minotte, Maud and Bonaventura, Luca},
	journal={Monthly Weather Review},
	volume={130},
	number={8},
	pages={2143--2149},
	year={2002}
}

@article{yamazaki2010nonhydrostatic,
	title={Nonhydrostatic atmospheric modeling using a combined Cartesian grid},
	author={Yamazaki, Hiroe and Satomura, Takehiko},
	journal={Monthly Weather Review},
	volume={138},
	number={10},
	pages={3932--3945},
	year={2010}
}

@article{yamazaki2012non,
	title={Non-hydrostatic atmospheric cut cell model on a block-structured mesh},
	author={Yamazaki, Hiroe and Satomura, Takehiko},
	journal={Atmospheric Science Letters},
	volume={13},
	number={1},
	pages={29--35},
	year={2012},
	publisher={Wiley Online Library}
}
@article{deardorff1974three,
	title={Three-dimensional numerical study of the height and mean structure of a heated planetary boundary layer},
	author={Deardorff, James W},
	journal={Boundary-Layer Meteorology},
	volume={7},
	number={1},
	pages={81--106},
	year={1974},
	publisher={Springer}
}

@article{lilly1966representation,
	title={The representation of small-scale turbulence in numerical simulation experiments},
	author={Lilly, K},
	year={1966}
}

@article{jackson1975turbulent,
	title={Turbulent wind flow over a low hill},
	author={Jackson, PS and Hunt, JCR},
	journal={Quarterly Journal of the Royal Meteorological Society},
	volume={101},
	number={430},
	pages={929--955},
	year={1975},
	publisher={Wiley Online Library}
}

@article{mason1979flow,
	title={Flow over an isolated hill of moderate slope},
	author={Mason, PJ and Sykes, RI},
	journal={Quarterly Journal of the Royal Meteorological Society},
	volume={105},
	number={444},
	pages={383--395},
	year={1979},
	publisher={Wiley Online Library}
}

@article{taylor1977some,
	title={Some numerical studies of surface boundary-layer flow above gentle topography},
	author={Taylor, PA},
	journal={Boundary-Layer Meteorology},
	volume={11},
	number={4},
	pages={439--465},
	year={1977},
	publisher={Springer}
}

@article{launder1974numerical,
	title={The numerical computation of turbulent flows},
	author={Launder, BE and Spalding, DB},
	journal={Computer Methods in Applied Mechanics and Engineering},
	volume={3},
	pages={269--289},
	year={1974}
}
